<?xml version="1.0" encoding="UTF-8"?>
<record xmlns="http://www.loc.gov/MARC21/slim">
   <leader>00790cam a22001935a 4500</leader>
   <controlfield tag="001">3206897</controlfield>
   <controlfield tag="003">NjP</controlfield>
   <controlfield tag="005">20171214172005.0</controlfield>
   <controlfield tag="008">000725s1962    sy            000 0 ararb</controlfield>
   <datafield tag="024" ind1="7" ind2=" ">
      <subfield code="a">princeton_aco004706</subfield>
      <subfield code="2">local</subfield>
   </datafield>
   <datafield ind1=" " ind2=" " tag="010">
      <subfield code="a">66001078</subfield>
   </datafield>
   <datafield ind1=" " ind2=" " tag="040">
      <subfield code="a">NjP</subfield>
      <subfield code="c">NjP</subfield>
   </datafield>
   <datafield ind1=" " ind2=" " tag="043">
      <subfield code="a">a-sy---</subfield>
   </datafield>
   <datafield ind1="1" ind2=" " tag="110">
      <subfield code="a">Syria.</subfield>
      <subfield code="0">http://id.loc.gov/authorities/names/n80061798</subfield>
   </datafield>
   <datafield ind1="1" ind2="0" tag="245">
      <subfield code="a">Qānūn al-Bayyināt fī al-mawādd al-madanīyah wa-al-tijārīyah maʻa al-mudhakkīyrāt al-iḍāḥīyah al-ṣādir bi-al-qānūn raqm 395, tārīkh 10/6/1947 /</subfield>
      <subfield code="c">bi-ishrāf Zuhayr al-ʻĀbid.</subfield>
   </datafield>
   <datafield ind1=" " ind2=" " tag="260">
      <subfield code="a">[Damascus] :</subfield>
      <subfield code="b">Muʾassasat al-Nūrī,</subfield>
      <subfield code="c">1962.</subfield>
   </datafield>
   <datafield ind1=" " ind2=" " tag="300">
      <subfield code="a">216 p. ;</subfield>
      <subfield code="c">21 cm.</subfield>
   </datafield>
   <datafield ind1=" " ind2="0" tag="650">
      <subfield code="a">Evidence (Law)</subfield>
      <subfield code="z">Syria.</subfield>
   </datafield>
   <datafield ind1="1" ind2=" " tag="700">
      <subfield code="a">ʻĀbid, Zuhayr.</subfield>
   </datafield>
   <datafield ind1=" " ind2=" " tag="902">
      <subfield code="a">jab</subfield>
      <subfield code="b">r</subfield>
      <subfield code="c">b</subfield>
      <subfield code="d">v</subfield>
      <subfield code="e">20000731</subfield>
      <subfield code="f">0</subfield>
   </datafield>
   <datafield ind1="8" ind2=" " tag="852">
      <subfield code="0">3529526</subfield>
      <subfield code="b">rcppa</subfield>
      <subfield code="h">7979.893.4</subfield>
      <subfield code="x">tr fr f</subfield>
   </datafield>
   <datafield ind1=" " ind2=" " tag="959">
      <subfield code="a">2008-10-22 11:54:22 -0500</subfield>
   </datafield>
</record>
